% This file was created with JabRef 2.9.2.
% Encoding: Cp1252

@INPROCEEDINGS{TimeHistogram06,
  author = {Hiroshi Akiba and Nathaniel Fout and Kwan-Liu Ma},
  title = {Simultaneous Classification of Time-Varying Volume Data Based on
	the Time Histogram},
  booktitle = {EuroVis '06: Proceedings of the Eurographics/IEEE VGTC conference
	on Visualization},
  year = {2006},
  pages = {171-178},
  bibsource = {DBLP, http://dblp.uni-trier.de},
  crossref = {DBLP:conf/vissym/2006}
}

@BOOK{BarnsleyBook88,
  title = {Fractals everywhere},
  publisher = {Academic Press Professional, Inc.},
  year = {1988},
  author = {Barnsley, Michael},
  isbn = {0-12-079062-9}
}

@ARTICLE{Barnsley88,
  author = {Barnsley, Michael F. and Elton, John H.},
  title = {A New Class of Markov Processes for Image Encoding},
  journal = {Advances in Applied Probability},
  year = {1988},
  volume = {20},
  pages = {pp. 14-32},
  number = {1},
  copyright = {Copyright Â© 1988 Applied Probability Trust},
  issn = {00018678},
  jstor_articletype = {research-article},
  jstor_formatteddate = {Mar., 1988},
  language = {English},
  publisher = {Applied Probability Trust}
}

@ARTICLE{shapematching02,
  author = {Belongie, S. and Malik, J. and Puzicha, J.},
  title = {Shape matching and object recognition using shape contexts},
  journal = {IEEE Transactions on Pattern Analysis and Machine Intelligence},
  year = {2002},
  volume = {24},
  pages = {509-522},
  number = {4}
}

@ARTICLE{Bentley1977,
  author = {Bentley, J. L.},
  title = {Solutions to Klee's rectangle problems},
  journal = {Unpublished manuscript, Dept of Comp Sci, Carnegie-Mellon University,
	Pittsburgh PA},
  year = {1977},
  citeulike-article-id = {7680093},
  posted-at = {2010-08-20 04:26:10},
  priority = {0}
}

@INPROCEEDINGS{IndexColorHist00,
  author = {Berens, J. and Finlayson, G.D. and Qiu, G.},
  title = {Image indexing using compressed colour histograms},
  booktitle = {IEE Proceedings on Vision, Image and Signal Processing},
  year = {2000},
  volume = {147},
  number = {4},
  pages = {349 -355},
  issn = {1350-245X},
  journal = {Vision, Image and Signal Processing, IEE Proceedings -}
}

@ARTICLE{BorosanSparsePDF12,
  author = {Boros\'{a}n, P{\'e}ter and Jin, Ming and DeCarlo, Doug and Gingold,
	Yotam and Nealen, Andrew},
  title = {RigMesh: automatic rigging for part-based shape modeling and deformation},
  journal = {ACM Transactions on Graphics},
  year = {2012},
  volume = {31},
  pages = {198:1--198:9},
  number = {6},
  address = {New York, NY, USA},
  articleno = {198},
  issn = {0730-0301},
  issue_date = {November 2012},
  numpages = {9},
  publisher = {ACM}
}

@ARTICLE{datafusion12,
  author = {Bramon, R. and Boada, I. and Bardera, A. and Rodriguez, J. and Feixas,
	M. and Puig, J. and Sbert, M.},
  title = {Multimodal Data Fusion Based on Mutual Information},
  journal = {IEEE Transactions on Visualization and Computer Graphics},
  year = {2012},
  volume = {18},
  pages = {1574 -1587},
  number = {9},
  issn = {1077-2626}
}

@INPROCEEDINGS{Buccafurri02,
  author = {Buccafurri, F. and Rosaci, D. and Pontieri, L. and Sacca, D.},
  title = {Improving range query estimation on histograms},
  booktitle = {ICDE '02: Proceedings of the International Conference on Data Engineering},
  year = {2002},
  pages = {628 -638}
}

@ARTICLE{carrhist06,
  author = {Carr, H. and Duffy, B. and Denby, B.},
  title = {On Histograms and Isosurface Statistics},
  journal = {IEEE Transactions on Visualization and Computer Graphics},
  year = {2006},
  volume = {12},
  pages = {1259-1266},
  number = {5}
}

@ARTICLE{CHOG2012,
  author = {Chandrasekhar, Vijay and Takacs, Gabriel and Chen, David M. and Tsai,
	Sam S. and Reznik, Yuriy and Grzeszczuk, Radek and Girod, Bernd},
  title = {Compressed Histogram of Gradients: A Low-Bitrate Descriptor},
  journal = {International Journal of Computer Vision},
  year = {2012},
  volume = {96},
  pages = {384--399},
  number = {3},
  acmid = {2125165},
  address = {Hingham, MA, USA},
  issn = {0920-5691},
  issue_date = {February 2012},
  keywords = {CHoG, Content-based image retrieval, Feature descriptor, Histogram-of-gradients,
	Low bitrate, Mobile visual search},
  numpages = {16},
  publisher = {Kluwer Academic Publishers}
}

@INPROCEEDINGS{HistComp12,
  author = {Chaudhuri, A. and Lee, T-Y. and Zhou, B. and Wang, C. and Xu, T.
	and Shen, H-W. and Peterka, T. and Chiang, Y-J.},
  title = {Scalable Computation of Distributions from Large Scale Data Sets},
  booktitle = {LDAV '12: Proceedings of the IEEE Symposium on Large Data Analysis
	and Visualization},
  year = {2011},
  pages = {113--120}
}

@INPROCEEDINGS{VolCompression97,
  author = {Tzi-Cker Chiueh and Chuan-Kai Yang and Taosong He and Pfister, H.
	and Kaufman, A.},
  title = {Integrated volume compression and visualization},
  booktitle = {Vis '97: Proceedings of the IEEE Conference on Visualization},
  year = {1997},
  pages = {329 -336},
  issn = {1}
}

@ARTICLE{Fractalvolume96,
  author = {Cochran, W.O. and Hart, J.C. and Flynn, P.J.},
  title = {Fractal volume compression},
  journal = {IEEE Transactions on Visualization and Computer Graphics},
  year = {1996},
  volume = {2},
  pages = {313 -322},
  number = {4},
  issn = {1077-2626}
}

@INPROCEEDINGS{SAT84,
  author = {Crow, Franklin C.},
  title = {Summed-area tables for texture mapping},
  booktitle = {SIGGRAPH '84: Proceedings of the Conference on Computer graphics
	and interactive techniques},
  year = {1984},
  pages = {207--212}
}

@INCOLLECTION{Fisher98chap1,
  author = {Geoffrey Davis},
  title = {Why Fractal Block Coders Work},
  booktitle = {Fractal Image Encoding And Analysis (NATO ASI Series)},
  publisher = {Springer},
  year = {1998},
  chapter = {1},
  edition = {1st}
}

@ARTICLE{FractalWavelet98,
  author = {Davis, G.M.},
  title = {A wavelet-based analysis of fractal image compression},
  journal = {IEEE Transactions on Image Processing},
  year = {1998},
  volume = {7},
  pages = {141 -154},
  number = {2},
  issn = {1057-7149}
}

@ARTICLE{FIRE03,
  author = {Distasi, R. and Nappi, M. and Tucci, M.},
  title = {FIRE: fractal indexing with robust extensions for image databases},
  journal = {IEEE Transactions on Image Processing},
  year = {2003},
  volume = {12},
  pages = { 373 - 384},
  number = {3},
  issn = {1057-7149}
}

@BOOK{Fisher98,
  title = {Fractal Image Encoding And Analysis (NATO ASI Series)},
  publisher = {Springer},
  year = {1998},
  author = {Yuval Fisher},
  edition = {1st}
}

@ARTICLE{qdv11,
  author = {Gosink, L.J. and Garth, C. and Anderson, J.C. and Bethel, E.W. and
	Joy, K.I.},
  title = {An Application of Multivariate Statistical Analysis for Query-Driven
	Visualization},
  journal = {IEEE Transactions on Visualization and Computer Graphics},
  year = {2011},
  volume = {17},
  pages = {264-275},
  number = {3}
}

@ARTICLE{transgraph11,
  author = {Yi Gu and Chaoli Wang},
  title = {TransGraph: Hierarchical Exploration of Transition Relationships
	in Time-Varying Volumetric Data},
  journal = {IEEE Transactions on Visualization and Computer Graphics},
  year = {2011},
  volume = {17},
  pages = {2015 -2024},
  number = {12},
  issn = {1077-2626}
}

@ARTICLE{Hadwiger12,
  author = {Hadwiger, Markus and Sicat, Ronell and Beyer, Johanna and Kr\"{u}ger,
	Jens and M\"{o}ller, Torsten},
  title = {Sparse PDF maps for non-linear multi-resolution image operations},
  journal = {ACM Transactions on Graphics},
  year = {2012},
  volume = {31},
  pages = {133:1--133:12},
  number = {6},
  address = {New York, NY, USA},
  articleno = {133},
  issue_date = {November 2012},
  numpages = {12},
  publisher = {ACM}
}

@ARTICLE{Hafner95,
  author = {Hafner, James and Sawhney, Harpreet S. and Equitz, Will and Flickner,
	Myron and Niblack, Wayne},
  title = {Efficient Color Histogram Indexing for Quadratic Form Distance Functions},
  journal = {IEEE Transactions on Pattern Analysis and Machine Intelligence},
  year = {1995},
  volume = {17},
  pages = {729--736},
  number = {7},
  acmid = {628706},
  address = {Washington, DC, USA},
  issn = {0162-8828},
  issue_date = {July 1995},
  keywords = {Color histogram matching, image querying, image databases, efficient
	multidimensional feature matching, histogram indexing.},
  numpages = {8},
  publisher = {IEEE Computer Society}
}

@ARTICLE{fractalcodinglocal02,
  author = {Raouf Hamzaoui and Dietmar Saupe},
  title = {Fractal Image Compression with Fast Local Search},
  journal = {Fractals in Multimedia},
  year = {2002},
  volume = {132},
  pages = {107-120},
  booktitle = {Fractals in Multimedia},
  editor = {Barnsley, MichaelF. and Saupe, Dietmar and Vrscay, EdwardR.},
  publisher = {Springer New York},
  series = {The IMA Volumes in Mathematics and its Application}
}

@INPROCEEDINGS{Heckel99,
  author = {Heckel, B. and Weber, G. and Hamann, B. and Joy, K.I.},
  title = {Construction of vector field hierarchies},
  booktitle = {Vis '99: Proceedings of the IEEE Conference on Visualization},
  year = {1999},
  pages = {19 -25},
  issn = {1}
}

@ARTICLE{FractalCodingReview93,
  author = {Jacquin, A.E.},
  title = {Fractal image coding: a review},
  journal = {Proceedings of the IEEE},
  year = {1993},
  volume = {81},
  pages = {1451 -1465},
  number = {10},
  issn = {0018-9219}
}

@ARTICLE{Jacquin92,
  author = {Jacquin, A.E.},
  title = {Image coding based on a fractal theory of iterated contractive image
	transformations},
  journal = {IEEE Transactions on Image Processing},
  year = {1992},
  volume = {1},
  pages = {18 -30},
  number = {1},
  issn = {1057-7149}
}

@ARTICLE{johnson09,
  author = {Johnson, C.R. and Huang, J.},
  title = {Distribution-Driven Visualization of Volume Data},
  journal = {IEEE Transactions on Visualization and Computer Graphics},
  year = {2009},
  volume = {15},
  pages = {734-746},
  number = {5}
}

@INPROCEEDINGS{Kao02,
  author = {Kao, D. and Luo, A. and Dungan, J.L. and Pang, A.},
  title = {Visualizing spatially varying distribution data},
  booktitle = {IV '02: Proceedings of the International Conference on Information
	Visualisation},
  year = {2002},
  pages = { 219 - 225},
  issn = {1093-9547 }
}

@INPROCEEDINGS{integvideo05,
  author = {Yan Ke and Sukthankar, R. and Hebert, M.},
  title = {Efficient visual event detection using volumetric features},
  booktitle = {ICCV '05: Proceedings of the IEEE International Conference on Computer
	Vision},
  year = {2005},
  volume = {1},
  pages = {166 - 173},
  issn = {1550-5499}
}

@INPROCEEDINGS{semiautomatic98,
  author = {Kindlmann, G. and Durkin, J.W.},
  title = {Semi-automatic generation of transfer functions for direct volume
	rendering},
  booktitle = {VolVis '98: Proceedings of the IEEE Symposium on Volume Visualization},
  year = {1998},
  pages = {79 -86}
}

@ARTICLE{multidimtf02,
  author = {Kniss, J. and Kindlmann, G. and Hansen, C.},
  title = {Multidimensional transfer functions for interactive volume rendering},
  journal = {IEEE Transactions on Visualization and Computer Graphics},
  year = {2002},
  volume = {8},
  pages = {270-285},
  number = {3}
}

@INPROCEEDINGS{isabela11,
  author = {Lakshminarasimhan, S. and Jenkins, J. and Arkatkar, I. and Zhenhuan
	Gong and Kolla, H. and Seung-Hoe Ku and Ethier, S. and Chen, J. and
	Chang, C.S. and Klasky, S. and Latham, R. and Ross, R. and Samatova,
	N.F.},
  title = {ISABELA-QA: Query-driven analytics with ISABELA-compressed extreme-scale
	scientific data},
  booktitle = {SC '11: Proceedings of the International Conference on Supercomputing},
  year = {2011},
  pages = {1 -11}
}

@INPROCEEDINGS{DCT99,
  author = {Lee, Ju-Hong and Kim, Deok-Hwan and Chung, Chin-Wan},
  title = {Multi-dimensional selectivity estimation using compressed histogram
	information},
  booktitle = {SIGMOD '99: Proceedings of the ACM international conference on Management
	of data},
  year = {1999},
  pages = {205--214},
  acmid = {304200},
  isbn = {1-58113-084-8},
  location = {Philadelphia, Pennsylvania, United States},
  numpages = {10}
}

@INPROCEEDINGS{viewpoint11,
  author = {Teng-Yok Lee and Mishchenko, O. and Han-Wei Shen and Crawfis, R.},
  title = {View point evaluation and streamline filtering for flow visualization},
  booktitle = {PacificVis '11: Proceedings of the IEEE Pacific Visualization Symposium},
  year = {2011},
  pages = {83 -90}
}

@INPROCEEDINGS{GMM12,
  author = {Liu, S. and Levine, J.A. and Bremer, P.-T. and Pascucci, V.},
  title = {Gaussian Mixture Model Based Volume Visualization},
  booktitle = {LDAV '12: Proceedings of the IEEE Symposium on Large Data Analysis
	and Visualization},
  year = {2012}
}

@ARTICLE{Lodha03,
  author = {Lodha, S.K. and Faaland, N.M. and Renteria, J.C.},
  title = {Topology preserving top-down compression of 2D vector fields using
	bintree and triangular quadtrees},
  journal = {IEEE Transactions on Visualization and Computer Graphics},
  year = {2003},
  volume = {9},
  pages = { 433 - 442},
  number = {4},
  issn = {1077-2626}
}

@ARTICLE{localhistogram06,
  author = {Lundstrom, C. and Ljung, P. and Ynnerman, A.},
  title = {Local Histograms for Design of Transfer Functions in Direct Volume
	Rendering},
  journal = {IEEE Transactions on Visualization and Comp. Graphics},
  year = {2006},
  volume = {12},
  pages = {1570 -1579},
  number = {6}
}

@INPROCEEDINGS{Luo03,
  author = {Luo, Alison and Kao, David and Pang, Alex},
  title = {Visualizing spatial distribution data sets},
  booktitle = {VisSym '03: Proceedings of the Symposium on Data Visualisation},
  year = {2003},
  pages = {29--38},
  acmid = {769925},
  isbn = {1-58113-698-6},
  location = {Grenoble, France},
  numpages = {10}
}

@INPROCEEDINGS{martin13,
  author = {Martin, S. and Shen, H-W.},
  title = {Transformations for Volumetric Range Distribution Queries},
  booktitle = {IEEE Pacific Visualization Symposium},
  year = {2013}
}

@ARTICLE{WaveletHist98,
  author = {Matias, Yossi and Vitter, Jeffrey Scott and Wang, Min},
  title = {Wavelet-based histograms for selectivity estimation},
  journal = {SIGMOD Rec.},
  year = {1998},
  volume = {27},
  pages = {448--459},
  number = {2},
  acmid = {276344},
  address = {New York, NY, USA},
  issn = {0163-5808},
  issue_date = {June 1998},
  numpages = {12},
  publisher = {ACM}
}

@ARTICLE{FIRST98,
  author = {M. Nappi and G. Polese and G. Tortora},
  title = {FIRST: Fractal Indexing and Retrieval SysTem for Image Databases},
  journal = {Image and Vision Computing},
  year = {1998},
  volume = {16},
  pages = {1019 - 1031},
  number = {14},
  issn = {0262-8856}
}

@INPROCEEDINGS{FINE09,
  author = {Nappi, M. and Riccio, D. and De Marsico, M.},
  title = {Fine: Fractal indexing based on neighborhood estimation},
  booktitle = {ICIP '09: Proceedings of the IEEE Conference on Image Processing},
  year = {2009},
  pages = {245 -248},
  issn = {1522-4880}
}

@ARTICLE{vqreview88,
  author = {Nasrabadi, N.M. and King, R.A.},
  title = {Image coding using vector quantization: a review},
  journal = {IEEE Transactions on Communications},
  year = {1988},
  volume = {36},
  pages = {957 -971},
  number = {8},
  issn = {0090-6778},
  keywords = {binary vector quantiser;digital images;encoding;hybrid vector quantiser;image
	coding;predictive vector quantiser;review;spatial vector quantiser;subband
	vector quantizers;transform vector quantiser;vector quantization;vector
	quantization techniques;encoding;picture processing;reviews;}
}

@INPROCEEDINGS{Ning92,
  author = {Ning, Paul and Hesselink, Lambertus},
  title = {Vector quantization for volume rendering},
  booktitle = {VolVis '92: Proceedings of the workshop on Volume visualization},
  year = {1992},
  pages = {69--74},
  acmid = {147152},
  isbn = {0-89791-527-5},
  location = {Boston, Massachusetts, United States},
  numpages = {6}
}

@ARTICLE{uncertain2d10,
  author = {Otto, Mathias and Germer, Tobias and Hege, Hans-Christian and Theisel,
	Holger},
  title = {Uncertain 2D Vector Field Topology},
  journal = {Computer Graphics Forum},
  year = {2010},
  volume = {29},
  pages = {347--356},
  number = {2}
}

@INPROCEEDINGS{uncertain3d11,
  author = {Otto, M. and Germer, T. and Theisel, H.},
  title = {Uncertain topology of 3D vector fields},
  booktitle = {PacificVis '11: Proceedings of the IEEE Pacific Visualization Symposium},
  year = {2011},
  pages = {67 -74}
}

@ARTICLE{PoosalaGI99,
  author = {Viswanath Poosala and Venkatesh Ganti and Yannis E. Ioannidis},
  title = {Approximate Query Answering using Histograms},
  journal = {IEEE DATA(BASE) ENGINEERING BULLETIN},
  year = {1999},
  volume = {22},
  pages = {5-14},
  number = {4},
  bibsource = {DBLP, http://dblp.uni-trier.de},
  ee = {db/journals/debu/PoosalaGI99.html}
}

@INPROCEEDINGS{SVD97,
  author = {Poosala, Viswanath and Ioannidis, Yannis E.},
  title = {Selectivity Estimation Without the Attribute Value Independence Assumption},
  booktitle = {VLDB '97: Proceedings of the International Conference on Very Large
	Data Bases},
  year = {1997},
  pages = {486--495},
  publisher = {Morgan Kaufmann Publishers Inc.},
  acmid = {673638},
  isbn = {1-55860-470-7},
  numpages = {10}
}

@INPROCEEDINGS{HACC12,
  author = {Popov, U. and Chandra, E. and Heitmann, K. and Habib, S. and Ahrens,
	J. and Pang, A.},
  title = {Analyzing the evolution of large scale structures in the universe
	with velocity based methods},
  booktitle = {PacificVis '12: Proceedings of the IEEE Pacific Visualization Symposium},
  year = {2012},
  pages = {49 -56},
  issn = {2165-8765}
}

@INPROCEEDINGS{integhist05,
  author = {Porikli, F.},
  title = {Integral histogram: a fast way to extract histograms in Cartesian
	spaces},
  booktitle = {CVPR '05: Proceedings of the IEEE Conference on Computer Vision and
	Pattern Recognition},
  year = {2005},
  volume = {1},
  pages = {829 - 836}
}

@ARTICLE{uncertainisocontour11,
  author = {Pothkow, K. and Hege, H.-C.},
  title = {Positional Uncertainty of Isocontours: Condition Analysis and Probabilistic
	Measures},
  journal = {IEEE Transactions on Visualization and Computer Graphics},
  year = {2011},
  volume = {17},
  pages = {1393 -1406},
  number = {10},
  issn = {1077-2626}
}

@ARTICLE{probvis12,
  author = {Kristin Potter and Robert M. Kirby and Dong Bin Xiu and Chris R.
	Johnson},
  title = {Interactive Visualization of Probability and Cumulative Density Functions},
  journal = {International Journal of Uncertainty Quantification},
  year = {2012},
  volume = {2},
  pages = {397-412},
  number = {4}
}

@BOOK{Reuven08,
  title = {Simulation and the Monte Carlo Method},
  publisher = {John Wiley \& Sons},
  year = {2008},
  author = {Reuven Y. Rubinstein}
}

@ARTICLE{Rubner00,
  author = {Rubner, Yossi and Tomasi, Carlo and Guibas, Leonidas J.},
  title = {The Earth Mover's Distance as a Metric for Image Retrieval},
  journal = {International Journal of Computer Vision},
  year = {2000},
  volume = {40},
  pages = {99--121},
  number = {2},
  acmid = {365881},
  address = {Hingham, MA, USA},
  issn = {0920-5691},
  issue_date = {Nov. 2000},
  keywords = {Earth Mover's Distance, color, image retrieval, perceptual metrics,
	texture},
  numpages = {23},
  publisher = {Kluwer Academic Publishers}
}

@INCOLLECTION{Fisher98chap6,
  author = {Dietmar Saupe},
  title = {Fractal Image Compression via Nearest Neighbor Search},
  booktitle = {Fractal Image Encoding And Analysis (NATO ASI Series)},
  publisher = {Springer},
  year = {1998},
  chapter = {6},
  edition = {1st}
}

@INPROCEEDINGS{FractalCodingReview94,
  author = {Saupe, Dietmar and Hamzaoui, Raouf},
  title = {A review of the fractal image compression literature},
  booktitle = {SIGGRAPH '94: Proceedings of the Conference on Computer graphics
	and interactive techniques},
  year = {1994},
  volume = {28},
  number = {4},
  pages = {268--276},
  issn = {0097-8930},
  journal = {SIGGRAPH Comput. Graph.},
  keywords = {compression\_techniques},
  posted-at = {2010-04-19 17:17:22},
  priority = {2}
}

@INPROCEEDINGS{selfsimilarity07,
  author = {Shechtman, E. and Irani, M.},
  title = {Matching Local Self-Similarities across Images and Videos},
  booktitle = {CVPR '07: Proceedings of the IEEE Conference on Computer Vision and
	Pattern Recognition},
  year = {2007},
  pages = {1-8}
}

@INPROCEEDINGS{isosurfspanspace96,
  author = {Han-Wei Shen and Hansen, C.D. and Livnat, Y. and Johnson, C.R.},
  title = {Isosurfacing in span space with utmost efficiency (ISSUE)},
  booktitle = {Vis '96: Proceedings of the IEEE Conference on Visualization},
  year = {1996},
  pages = {287 -294}
}

@INPROCEEDINGS{isosurfspanspace95,
  author = {Han-Wei Shen and Johnson, C.R.},
  title = {Sweeping simplices: a fast iso-surface extraction algorithm for unstructured
	grids},
  booktitle = {Vis '95: Proceedings of the IEEE Conference on Visualization},
  year = {1995},
  pages = {143 -150}
}

@INPROCEEDINGS{histsearchsurvey08,
  author = {Sizintsev, M. and Derpanis, K.G. and Hogue, A.},
  title = {Histogram-based search: A comparative study},
  booktitle = {CVPR '08: Proceedings of the IEEE Conference on Computer Vision and
	Pattern Recognition},
  year = {2008},
  pages = {1 -8},
  issn = {1063-6919}
}

@INCOLLECTION{Fisher98chap2,
  author = {Skjalg Lepsoy, and Paolo Carlini, and Geir Egil Oien},
  title = {On Fractal Compression and Vector Quantization},
  booktitle = {Fractal Image Encoding And Analysis (NATO ASI Series)},
  publisher = {Springer},
  year = {1998},
  chapter = {2},
  edition = {first}
}

@INPROCEEDINGS{fastbit05,
  author = {Kurt Stockinger and John Shalf and Kesheng Wu and E. Wes Bethel},
  title = {Query-Driven Visualization of Large Data Sets},
  booktitle = {Vis '05: Proceedings of the IEEE Conference on Visualization},
  year = {2005},
  volume = {0},
  pages = {22},
  isbn = {0-7803-9462-3},
  journal = {Visualization Conference, IEEE}
}

@INPROCEEDINGS{Strengert04,
  author = {Magnus Strengert and Marcelo MagallÃ³n and Daniel Weiskopf and Stefan
	Guthe and Thomas Ertl},
  title = {Hierarchical Visualization and Compression of Large Volume Datasets
	Using GPU Clusters},
  booktitle = {EGPGV '04: Proceedings of the Eurographics Symposium on Parallel
	Graphics and Visualization},
  year = {2004},
  pages = {41--48}
}

@ARTICLE{HistIntersection91,
  author = {Swain, Michael J. and Ballard, Dana H.},
  title = {Color indexing},
  journal = {International Journal of Computer Vision},
  year = {1991},
  volume = {7},
  pages = {11--32},
  number = {1},
  acmid = {134841},
  address = {Hingham, MA, USA},
  issn = {0920-5691},
  issue_date = {Nov. 1991},
  numpages = {22},
  publisher = {Kluwer Academic Publishers}
}

@INPROCEEDINGS{Telea99,
  author = {Telea, A. and Van Wijk, J.J.},
  title = {Simplified representation of vector fields},
  booktitle = {Vis '99: Proceedings of the IEEE Conference on Visualization},
  year = {1999},
  pages = {35 -507},
  issn = {1}
}

@INPROCEEDINGS{Hixel11,
  author = {Thompson, D. and Levine, J.A. and Bennett, J.C. and Bremer, P.-T.
	and Gyulassy, A. and Pascucci, V. and Pebay, P.P.},
  title = {Analysis of large-scale scalar data using hixels},
  booktitle = {LDAV '11: Proceedings of the IEEE Symposium on Large Data Analysis
	and Visualization},
  year = {2011},
  pages = {23 -30}
}

@ARTICLE{integimage01,
  author = {Paul Viola and Michael Jones},
  title = {Robust Real-time Object Detection},
  journal = {International Journal of Computer Vision},
  year = {2001},
  volume = {57},
  pages = {137--154},
  number = {2}
}

@INPROCEEDINGS{integimage01,
  author = {Viola, P. and Jones, M.},
  title = {Rapid object detection using a boosted cascade of simple features},
  booktitle = {CVPR '01: Proceedings of the IEEE Conference on Computer Vision and
	Pattern Recognition},
  year = {2001},
  volume = {1},
  pages = {511-518},
  issn = {1063-6919}
}

@INPROCEEDINGS{Wittenbrink95,
  author = {Wittenbrink, Craig M.},
  title = {IFS Fractal Interpolation for 2D and 3D Visualization},
  booktitle = {Vis '95: Proceedings of the IEEE Conference on Visualization},
  year = {1995},
  pages = {77--},
  acmid = {833848},
  isbn = {0-8186-7187-4},
  keywords = {uncertainty visualization, volume rendering, surface interpolation,
	collages}
}

@ARTICLE{FractalCodingReview99,
  author = {Wohlberg, B. and De Jager, G.},
  title = {A review of the fractal image coding literature},
  journal = {IEEE Transactions on Image Processing},
  year = {1999},
  volume = {8},
  pages = {1716 -1729},
  number = {12},
  issn = {1057-7149}
}

@ARTICLE{Xu10,
  author = {Lijie Xu and Teng-Yok Lee and Han-Wei Shen},
  title = {An Information-Theoretic Framework for Flow Visualization},
  journal = {IEEE Transactions on Visualization and Computer Graphics},
  year = {2010},
  volume = {16},
  pages = {1216 -1224},
  number = {6},
  issn = {1077-2626}
}

@ARTICLE{Yeo95,
  author = {Boon-Lock Yeo and Bede Liu},
  title = {Volume rendering of DCT-based compressed 3D scalar data},
  journal = {IEEE Transactions on Visualization and Computer Graphics},
  year = {1995},
  volume = {1},
  pages = {29 -43},
  number = {1},
  issn = {1077-2626}
}

@CONFERENCE{ripmap12,
  author = {Gernot Ziegler},
  title = {Summed Area Ripmaps},
  booktitle = {NVIDIA GPU Technique Conference 2012},
  year = {2012},
  note = {[Online; presented at GPU Technology Conference]},
  url = {http://developer.download.nvidia.com/GTC/PDF/GTC2012/PresentationPDF/S0096-GTC2012-Summed-Area-Ripmaps.pdf}
}

@ARTICLE{lz77,
  author = {Ziv, J.; Lempel, A.},
  title = {A Universal Algorithm for Sequential Data Compression},
  journal = {IEEE Transactions on Information Theory},
  year = {1977},
  volume = {23},
  pages = {337-343},
  number = {3}
}

